<?xml version="1.0" encoding="UTF-8"?><record xmlns="http://www.loc.gov/MARC21/slim" xmlns:cinclude="http://apache.org/cocoon/include/1.0" xmlns:zs="http://www.loc.gov/zing/srw/">
  <leader>00461cz  a2200133n  4500</leader>
  <controlfield tag="001">n 2008162587</controlfield>
  <controlfield tag="003">DLC</controlfield>
  <controlfield tag="005">20080802075437.0</controlfield>
  <controlfield tag="008">080801n| acannaabn          |a aaa      </controlfield>
  <datafield tag="010" ind1=" " ind2=" ">
    <subfield code="a">n 2008162587</subfield>
  </datafield>
  <datafield tag="040" ind1=" " ind2=" ">
    <subfield code="a">DLC</subfield>
    <subfield code="b">eng</subfield>
    <subfield code="c">DLC</subfield>
  </datafield>
  <datafield tag="100" ind1="1" ind2=" ">
    <subfield code="a">Hammond, James C.</subfield>
  </datafield>
  <datafield tag="400" ind1="1" ind2=" ">
    <subfield code="a">Hammond, J. C.</subfield>
    <subfield code="q">(James C.)</subfield>
  </datafield>
  <datafield tag="670" ind1=" " ind2=" ">
    <subfield code="a">NUCMC data from New London County Historical Society for His Typescript of article, 1936</subfield>
    <subfield code="b">(James C. Hammond; J.C. Hammond; article honoring Capt. Moses Rogers)</subfield>
  </datafield>
</record>